@phdthesis{ Mentch11,
       author = "Mentch, Donald",
       title = "Picosatellite Attitude Control Utilizing Magnetometers \& Low-power Magnetic Torquers",
       school = "University of Alaska Fairbanks",
       year = "2011" }

@mastersthesis{ Polites71,
       author = "Michael E. Polites",
       title = "A Low-Power Magnetic Torquer for Satellite Attitude Control",
       school = "University of Alabama Tuscaloosa",
       address = "Tuscaloosa, Alabama",
       year = "1971" }

@unpublished{ ARCcdr,
    author = "{A}laska {R}easearch {C}ube{S}at design team",
    title = "Critical Design Review",
    school = "University of Alaska Fairbanks",
    year = "2011" }

@misc{ARCweb,
    author = "{A}laska {S}pace {G}rant {P}rogram",
    url = {http://spacegrant.alaska.edu/content/student-satellite-program},
    year = 2013,
    month = "November",
}

@misc{DexterField,
    note = {Field on Axis of a Cylindrical Magnet Calculator},
    author = "{D}exter magnetic technologies",
    url = {http://www.dextermag.com/resource-center/magnetic-field-calculators/field-on-axis-of-cylindrical-magnet-calculator},
    year = 2014,
    month = "May",
}

@misc{AlnicoProp,
    note = {Magnetic Properties of Alnico Materials},
    url = {http://www.advancedmagnetsource.com/mmpa0100-alnicomat.pdf},
    year = 2014,
    month = "May",
}

@manual{ Robinson89,
    author = "Robinson, Jr., Paul A. ",
    title = "Spacecraft Environmental Anomalies Handbook",
    organization = "Jet Propulsion Laboratory",
    year = 1989,
    address = "Pasadena, CA",
    url = "http://ntrs.nasa.gov/archive/nasa/casi.ntrs.nasa.gov/19900007536_1990007536.pdf"
}

@article{Psiaki04,
    title="Nanosatellite Attitude Stabilization Using Passive Aerodynamics and Active Magnetic Torquing",
    author="Mark L. Psiaki",
    journal="JOURNAL OF GUIDANCE, CONTROL, AND DYNAMICS",
    year="2004",
    volume="27",
    number="3",
}

@misc{AN215,
    note="{Appl. Note AN215}",
    author="Honeywell",
    year = 2012,
    url = "http://www51.honeywell.com/aero/common/documents/myaerospacecatalog-documents/Defense_Brochures-documents/Magnetic__Literature_Application_notes-documents/AN215_Cross_Axis_Effect_for_AMR_Magnetic_Sensors.pdf",
}

@misc{HMC1052,
    note="{1, 2 and 3 Axis Magnetic Sensors HMC1051/HMC1052L/HMC1053}",
    author="Honeywell",
    year = 2013,
    url = "http://www51.honeywell.com/aero/common/documents/myaerospacecatalog-documents/Defense_Brochures-documents/HMC_1051-1052-1053_Data_Sheet.pdf",
}

@misc{ClydePannel,
    note="Small Sattelite Solar Pannels",
    author="Clyde Space",
    year = 2012,
    url = {http://www.clyde-space.com/documents/2625}
}

@INPROCEEDINGS{6511478,
    author={Ali, A and Reyneri, L. and de los Rios, J.C. and Ali, H. and Mughal, M.R.},
    booktitle={Multitopic Conference (INMIC), 2012 15th International},
    title={Reconfigurable magnetorquer for the CubePMT module of CubeSat satellites},
    year={2012},
    month={Dec},
    pages={178-183},
    keywords={actuators;artificial satellites;attitude control;coils;magnetic fields;magnetic moments;space vehicles;CubePMT module;CubeSat power management tile module;CubeSat satellites;PCB;attitude actuator subsystem;attitude sensors;dipole moment;earth magnetic field;heat generation;housekeeping;magnetic field;on-board processor;power dissipation;power supply;reconfigurable magnetorquer;spacecraft;CubeSats;Magnetic Moment;Magnetorquer;NanoSatellites},
    doi={10.1109/INMIC.2012.6511478},
}

@mastersthesis{Sturm05,
    author = "Sturm II,Erick Jonathan",
    title = "Magnetic Attitude Estimation of a Tumbling Spacecraft",
    school = "California Polytechnic State University",
    year = "2005",
    month = "July",
}

@book{Wertz,
    editor = "Wertz, James R.",
    title = "Spacecraft Attitude Determination and Control",
    publisher = "Kluwer",
    year = "1991",
}

@article{Humphreys03,
    author = "Humphreys, Todd E.",
    title = "Attitude Determination for Small Satellites With Modest Pointing Constraints",
    year = "2002",
}

@article{Welch01,
    author = "Welch, Greg and Bishop, Gary",
    year = "2001",
    organization = "University of North Carolina at Chapel Hill",
    title = "An Introduction to the Kalman Filter",
}

@mastersthesis{Humphreys03,
    author = "Humphreys, Todd E.",
    title = "Attitude Determination for Small Satellites with Modest Pointing Constraints",
    year = "2003",
    school = "Utah State University",
}

@article{Lefferts82,
    title = "Kalman Filtering for Spacecraft Attitude Estimation",
    author = "Lefferts, E. J. and Markley, F. L. and Shuster, M. D.",
    year = "1982",
}

@phdthesis{ Charlton03,
    title = "A Sounding Rocket Attitude Determination Algorithm Suitable For Implementation Using Low Cost Sensors",
    author = "Mark Christopher Charlton",
    school = "University of Alaska Fairbanks",
    year = "2003",
    month = "December",
}

@book{Zarchan00,
    title = "Fundamentals of Kalman Filtering: A Practical Approach",
    author = "Zarchan, Paul and Musoff, Howard",
    year = "2000",
    publisher = "",
}

@online{CSK,
    title = "CubeSat Kit Websight",
    month = jun, year = {2013},
    url = {http://www.cubesatkit.com/index.html}
}

@online{CDS,
    title = "CubeSat Design Specification",
    month = Aug, year = {2014},
    url = {http://www.cubesat.org/images/developers/cds_rev13_final.pdf}
}

@online{RAXnsf,
    title = "{C}ube{S}at investigating {A}tmospheric {D}ensity {R}esponse to {E}xtreme driving ({CADRE})",
    month = jul, year = {2013},
    url = {http://www.nsf.gov/awardsearch/showAward?AWD_ID=1042815&HistoricalAwards=false}
}

@online{NSFcube,
    title = "{C}ube{S}at-based {S}cience {M}issions for {G}eospace and {A}tmospheric {R}esearch",
    month = Aug, year = {2014},
    url = {http://www.nsf.gov/pubs/2014/nsf14535/nsf14535.pdf}
}

@online{MatBox,
    title = "{B}ox {p}lot - {MATLAB} {b}oxplot",
    month = Aug, year = {2014},
    url = {http://www.mathworks.com/help/stats/boxplot.html}
}


